<record><leader>00000cas a22000007a 4500</leader><controlfield tag="001">12378486</controlfield><controlfield tag="008">850813d18701874mouwr ne      0    0eng d</controlfield><datafield ind1=" " ind2=" " tag="010"><subfield code="a">sn 85034021 </subfield></datafield><datafield ind1=" " ind2=" " tag="040"><subfield code="a">NPU</subfield><subfield code="b">eng</subfield><subfield code="c">NPU</subfield><subfield code="d">MQN</subfield><subfield code="d">OCLCQ</subfield></datafield><datafield ind1=" " ind2=" " tag="042"><subfield code="a">msc</subfield></datafield><datafield ind1="0" ind2=" " tag="130"><subfield code="a">Weekly republican (Maryville, Mo. : 1870)</subfield></datafield><datafield ind1="1" ind2="4" tag="245"><subfield code="a">The weekly republican.</subfield></datafield><datafield ind1="1" ind2="3" tag="246"><subfield code="a">Republican</subfield></datafield><datafield ind1=" " ind2=" " tag="260"><subfield code="a">Maryville, Mo. :</subfield><subfield code="b">J.D. McCain,</subfield><subfield code="c">1870-1874.</subfield></datafield><datafield ind1=" " ind2=" " tag="300"><subfield code="a">v. ;</subfield><subfield code="c">66 cm.</subfield></datafield><datafield ind1=" " ind2=" " tag="310"><subfield code="a">Weekly</subfield></datafield><datafield ind1="0" ind2=" " tag="362"><subfield code="a">Vol. 1, no. 1 (Aug. 2, 1870)-v. 4, no. 23 (Jan. 1, 1874).</subfield></datafield><datafield ind1=" " ind2=" " tag="752"><subfield code="a">United States</subfield><subfield code="b">Missouri</subfield><subfield code="c">Nodaway</subfield><subfield code="d">Maryville.</subfield></datafield><datafield ind1="0" ind2="0" tag="785"><subfield code="t">Nodaway County republican</subfield><subfield code="w">(DLC)sn 89066041</subfield></datafield></record>